<record><leader>00000cas a22000007a 4500</leader><controlfield tag="001">15309169</controlfield><controlfield tag="008">870312c187u9999iauwr ne      0    0eng d</controlfield><datafield ind1=" " ind2=" " tag="010"><subfield code="a">sn 87057341 </subfield></datafield><datafield ind1=" " ind2=" " tag="040"><subfield code="a">INP</subfield><subfield code="b">eng</subfield><subfield code="c">INP</subfield><subfield code="d">OCLCQ</subfield></datafield><datafield ind1=" " ind2=" " tag="042"><subfield code="a">msc</subfield></datafield><datafield ind1="0" ind2="0" tag="245"><subfield code="a">Decorah journal.</subfield></datafield><datafield ind1="3" ind2="0" tag="246"><subfield code="a">Decorah journal and press</subfield></datafield><datafield ind1=" " ind2=" " tag="260"><subfield code="a">Decorah, Iowa :</subfield><subfield code="b">[s.n.]</subfield></datafield><datafield ind1=" " ind2=" " tag="300"><subfield code="a">v. :</subfield><subfield code="b">ill. ;</subfield><subfield code="c">55 cm.</subfield></datafield><datafield ind1=" " ind2=" " tag="310"><subfield code="a">Weekly,</subfield><subfield code="b">Aug. 2, 1951-</subfield></datafield><datafield ind1=" " ind2=" " tag="321"><subfield code="a">Weekly,</subfield><subfield code="b">&lt;Aug. 6, 1879&gt;-Aug. 26, 1948</subfield></datafield><datafield ind1=" " ind2=" " tag="321"><subfield code="a">Semiweekly,</subfield><subfield code="b">Sept. 2, 1948-July 31, 1951</subfield></datafield><datafield ind1=" " ind2=" " tag="500"><subfield code="a">Title varies: Decorah journal and press.</subfield></datafield><datafield ind1=" " ind2=" " tag="500"><subfield code="a">Publisher varies.</subfield></datafield><datafield ind1=" " ind2=" " tag="515"><subfield code="a">Issues for &lt;Aug. 6, 1879&gt; called new ser. and numbered within the year; issues for &lt;May 2, 1893- called &lt;v. 25, no. 18-</subfield></datafield><datafield ind1=" " ind2=" " tag="588"><subfield code="a">Description based on: Aug. 6, 1879.</subfield></datafield><datafield ind1=" " ind2=" " tag="752"><subfield code="a">United States</subfield><subfield code="b">Iowa</subfield><subfield code="c">Winneshiek</subfield><subfield code="d">Decorah.</subfield></datafield><datafield ind1="0" ind2=" " tag="777"><subfield code="t">Decorah public opinion, Decorah Republican and Calmar courier</subfield><subfield code="w">(DLC)sn 87058057</subfield><subfield code="g">Aug. 1951-Feb. 8, 1954</subfield></datafield><datafield ind1="0" ind2=" " tag="777"><subfield code="t">Decorah public opinion (Decorah, Iowa : 1954)</subfield><subfield code="w">(DLC)sn 87058031</subfield><subfield code="g">Feb. 15, 1954-</subfield></datafield><datafield ind1="0" ind2="0" tag="780"><subfield code="t">Decorah bee &amp; journal</subfield><subfield code="w">(DLC)sn 87058231</subfield></datafield><datafield ind1="0" ind2="5" tag="780"><subfield code="t">Decorah bee</subfield><subfield code="w">(DLC)sn 87058233</subfield></datafield></record>